@book{Montfort2004,
	author = {Montfort, Nick},
	title = {Twisty Little Passages: An Approach to Interactive Fiction},
	year = {2004},
	isbn = {0262134365},
	publisher = {MIT Press},
	address = {Cambridge, MA, USA},
}
