@Misc{BVMC:236408,
author = {Conde, Carmen},
title = {Los poemas de Mar Menor},
publisher = {Alicante : Biblioteca Virtual Miguel de Cervantes ; Cartagena Patronato Carmen Conde-Antonio Oliver, 2007},
year = {2007},
url = {http://www.cervantesvirtual.com/nd/ark:/59851/bmczk5t6}
}
